@misc{.01.01.2021,
 author = {Simon Trümpler},
 year = {01.01.2021},
 title = {Render Hell 2.0 | Simon schreibt},
 url = {https://simonschreibt.de/gat/renderhell/},
 urldate = {2021-01-01}
}


@misc{.01.01.2021b,
 author = {Lauro},
 year = {01.01.2021},
 title = {How Real Time Computer Graphics and Rasterization work - YouTube},
 url = {https://www.youtube.com/watch?v=brDJVEPOeY8},
 urldate = {2021-01-01}
}


@misc{.01.01.2021c,
 author = {{Eric Haines}},
 year = {01.01.2021},
 title = {Ray Tracing Essentials Part 2: Rasterization versus Ray Tracing - YouTube},
 url = {https://www.youtube.com/watch?v=ynCxnR1i0QY},
 urldate = {2021-01-01}
}


@book{AkenineMoller.2018,
 author = {Akenine-Möller, Tomas and Haines, Eric and Hoffman, Naty and Pesce, Angelo and Iwanicki, Michael and Hillaire, Sebastien},
 year = {2018},
 title = {Real-time rendering},
 address = {Boca Raton and London and New York},
 edition = {Fourth edition},
 publisher = {CRC Press Taylor \& Francis Group},
 isbn = {9781138627000},
 series = {An A K Peters book}
}


@incollection{Catmull.1998,
 author = {Catmull, Edwin},
 title = {Computer display of curved surfaces},
 pages = {35--41},
 publisher = {ACM Press},
 isbn = {158113052X},
 editor = {Wolfe, Rosalee},
 booktitle = {Seminal graphics},
 year = {1998},
 address = {New York NY},
 doi = {10.1145/280811.280920}
}


@article{Cooper.21.02.2018,
 author = {Cooper, Tim},
 year = {2018-02-21},
 title = {The Lightweight Render Pipeline: Optimizing Real Time Performance},
 url = {https://blogs.unity3d.com/2018/02/21/the-lightweight-render-pipeline-optimizing-real-time-performance/},
 urldate = {2021-01-07},
 journal = {Unity Technologies}
}


@misc{dnp.28.01.2021,
 author = {{Dot Net Perls}},
 year = {28.01.2021},
 title = {C Alphanumeric Sorting - Dot Net Perls},
 url = {https://www.dotnetperls.com/alphanumeric-sorting},
 urldate = {2021-01-28}
}


@article{Emiliano.08.08.2019,
 author = {Emiliano, Sherwin},
 year = {2019-08-08},
 title = {What Is 3D Rendering? -- Simply Explained: https://all3dp.com/2/what-is-3d-rendering-simply-explained/},
 url = {https://all3dp.com/2/what-is-3d-rendering-simply-explained/},
 urldate = {2021-01-04},
 journal = {All3DP},
 file = {Emiliano 08.08.2019 - What Is 3D Rendering:C\:\\Users\\W_Core\\Documents\\Citavi 6\\Projects\\ba\\Citavi Attachments\\Emiliano 08.08.2019 - What Is 3D Rendering.pdf:pdf}
}


@proceedings{Evans.1986,
 year = {1986},
 title = {Proceedings of the 13th annual conference on Computer graphics and interactive techniques},
 address = {New York, NY},
 publisher = {ACM},
 isbn = {0897911962},
 editor = {Evans, David C.},
 institution = {{ACM Special Interest Group on Computer Graphics and Interactive Techniques}},
 doi = {10.1145/15922}
}


@misc{fm.15.01.2021,
 abstract = {Auf YouTube findest du die angesagtesten Videos und Tracks. Außerdem kannst du eigene Inhalte hochladen und mit Freunden oder gleich der ganzen Welt teilen.},
 author = {{Filmmaker IQ}},
 year = {15.01.2021},
 title = {The Science of Rendering Photorealistic CGI - YouTube},
 url = {https://www.youtube.com/watch?v=Qx_AmlZxzVk},
 urldate = {2021-01-15}
}


@misc{fxguide.2013,
 abstract = {In our follow-up to the popular Art of Rendering feature on fxguide, we now look at the current State of Rendering. Part 1 delves into the issues of the day: physically based lighting and rendering, ray tracing and more, while Part 2 highlights each major renderer in the VFX industry.},
 author = {fxguide},
 year = {2013},
 title = {The state of rendering -- part 1},
 url = {https://www.fxguide.com/fxfeatured/the-state-of-rendering/},
 urldate = {2021-01-10}
}


@inproceedings{Kajiya.1986,
 author = {Kajiya, James T.},
 title = {The rendering equation},
 pages = {143--150},
 publisher = {ACM},
 isbn = {0897911962},
 editor = {Evans, David C.},
 booktitle = {Proceedings of the 13th annual conference on Computer graphics and interactive techniques},
 year = {1986},
 address = {New York, NY},
 doi = {10.1145/15922.15902},
 file = {http://portal.acm.org/citation.cfm?doid=15922}
}


@misc{Lightmapping.11.01.2021,
 author = {Technologies, Unity},
 year = {11.01.2021},
 title = {Unity - Manual: Lightmapping},
 url = {https://docs.unity3d.com/Manual/Lightmappers.html},
 urldate = {2021-01-13}
}


@misc{LightProbes.14.01.2021,
 author = {Technologies, Unity},
 year = {11.01.2021},
 title = {Unity - Manual: Light Probes},
 url = {https://docs.unity3d.com/Manual/LightProbes.html},
 urldate = {2021-01-14}
}


@article{Lira.20.09.2019,
 author = {Lira, Felipe},
 year = {2019-09-20},
 title = {How the Lightweight Render Pipeline is evolving},
 url = {https://blogs.unity3d.com/2019/09/20/how-the-lightweight-render-pipeline-is-evolving/},
 urldate = {2021-01-07},
 journal = {Unity Technologies},
 file = {Lira 20.09.2019 - How the Lightweight Render Pipeline:C\:\\Users\\W_Core\\Documents\\Citavi 6\\Projects\\ba\\Citavi Attachments\\Lira 20.09.2019 - How the Lightweight Render Pipeline.pdf:pdf}
}


@misc{oml.14.05.2020,
 author = {oml},
 year = {14.05.2020},
 title = {polyhedra-edge-face-vertex.png},
 url = {https://www.onlinemathlearning.com/image-files/polyhedra-edge-face-vertex.png},
 urldate = {2021-01-15},
 file = {https://www.onlinemathlearning.com/image-files/polyhedra-edge-face-vertex.png}
}


@misc{OoE.19.01.2021b,
 author = {Technologies, Unity},
 year = {19.01.2021},
 title = {Unity - Manual: Order of execution for event functions},
 url = {https://docs.unity3d.com/Manual/ExecutionOrder.html},
 urldate = {2021-01-28}
}


@misc{Oppenheimer.04.01.2021,
 author = {{Robin Oppenheimer}},
 year = {04.01.2021},
 title = {William Fetter, E.A.T., and 1960s Computer Graphics Collaborations in Seattle},
 url = {https://historylink.org/File/20542},
 urldate = {2021-01-04}
}

@misc{Neumann.11.11.2020,
 author = {Philipp Neumann},
 year = {2020-11-11},
 title = {Bericht - Bachelor Praktikum},
 journal = {HTW Dresden},
 file = {Praktikumsberich_Philipp_Neumann:C\:\\Users\\W_Core\\Documents\\Citavi 6\\Projects\\ba\\Citavi Attachments\\Praktikumsberich_Philipp_Neumann.pdf:pdf}
}


@misc{ProgLight.11.01.2021,
 author = {Technologies, Unity},
 year = {11.01.2021},
 title = {Unity - Manual: The Progressive Lightmapper},
 url = {https://docs.unity3d.com/Manual/progressive-lightmapper.html},
 urldate = {2021-01-13}
}


@misc{reflection.14.01.2021,
 author = {Technologies, Unity},
 year = {11.01.2021},
 title = {Unity - Manual: Reflection Probes},
 url = {https://docs.unity3d.com/Manual/ReflectionProbes.html},
 urldate = {2021-01-14}
}


@misc{res.14.01.2021,
 author = {Technologies, Unity},
 year = {11.01.2021},
 title = {Unity - Manual: Meshes, Materials, Shaders and Textures},
 url = {https://docs.unity3d.com/Manual/Shaders.html},
 urldate = {2021-01-14}
}


@misc{Technologies.05.01.2021,
 author = {Technologies, Unity},
 year = {05.01.2021},
 title = {Unity - Manual: Universal Render Pipeline},
 url = {https://docs.unity.cn/Manual/universal-render-pipeline.html},
 urldate = {2021-01-07}
}


@misc{Technologies.18.12.2020,
 author = {Technologies, Unity},
 year = {18.12.2020},
 title = {Unity - Manual: Rendering paths in the Built-in Render Pipeline},
 url = {https://docs.unity3d.com/Manual/RenderingPaths.html},
 urldate = {2021-01-05}
}


@misc{Technologies.18.12.2020b,
 author = {Technologies, Unity},
 year = {18.12.2020},
 title = {Unity - Manual: Forward rendering path},
 url = {https://docs.unity3d.com/Manual/RenderTech-ForwardRendering.html},
 urldate = {2021-01-05}
}


@misc{Technologies.19.01.2021,
 author = {Technologies, Unity},
 year = {19.01.2021},
 title = {Unity - Scripting API: MonoBehaviour.Awake()},
 url = {https://docs.unity3d.com/ScriptReference/MonoBehaviour.Awake.html},
 urldate = {2021-01-28}
}


@misc{Technologies.19.01.2021b,
 author = {Technologies, Unity},
 year = {19.01.2021},
 title = {Unity - Scripting API: Mathf.Clamp},
 url = {https://docs.unity3d.com/ScriptReference/Mathf.Clamp.html},
 urldate = {2021-01-30}
}


@article{Teo.15.10.2010,
 abstract = {In this new series we go through the science that enables the art of CG.},
 author = {Teo, Leonard},
 year = {2010-10-15},
 title = {CG Science for Artists -- Part 1: Real-Time and Offline Rendering},
 url = {http://www.cgchannel.com/2010/10/cg-science-for-artists-part-1-real-time-and-offline-rendering/},
 urldate = {2021-01-01},
 journal = {CG Channel},
}


@article{Tessman.13.01.2021,
 author = {{Thant Tessman}},
 year = {15.02.1989},
 title = {CastingShadowsOnFlatSurfaces},
 url = {http://www.standarddeviance.com/publications/CastingShadowsOnFlatSurfaces.pdf},
 urldate = {2021-01-13},
 file = {CastingShadowsOnFlatSurfaces:C\:\\Users\\W_Core\\Documents\\Citavi 6\\Projects\\ba\\Citavi Attachments\\CastingShadowsOnFlatSurfaces.pdf:pdf}
}


@misc{TheInstituteforDigitalArchaeology.01.01.2021,
 author = {{The Institute for Digital Archaeology}},
 year = {01.01.2021},
 title = {The Science of 3D Rendering --- The Institute for Digital Archaeology},
 url = {http://digitalarchaeology.org.uk/the-science-of-3d-rendering/},
 urldate = {2021-01-01},
 file = {The Institute for Digital Archaeology 01.01.2021 - The Science of 3D Rendering:C\:\\Users\\W_Core\\Documents\\Citavi 6\\Projects\\ba\\Citavi Attachments\\The Institute for Digital Archaeology 01.01.2021 - The Science of 3D Rendering.pdf:pdf}
}


@misc{TheKhronosGroup.2017,
 abstract = {The Khronos Group, an open consortium of leading hardware and$\ldots$},
 author = {{The Khronos Group}},
 year = {2017},
 title = {Khronos Releases glTF 2.0 Specification},
 url = {https://www.khronos.org/news/press/khronos-releases-gltf-2.0-specification},
 urldate = {2021-01-31}
}


@misc{Unity.06.01.2021,
 author = {Technologies, Unity},
 year = {06.01.2021},
 title = {Evolving game graphics with the Universal Render Pipeline | Unite Now 2020 - YouTube},
 url = {https://www.youtube.com/watch?v=Bvl9rCVbMas},
 urldate = {2021-01-06}
}


@misc{URP.2020,
 author = {{Unity Technologies}},
 editor = {{Unity Technologies}},
 year = {2020},
 title = {Rendering in the Universal Render Pipeline: Render Loop},
 url = {https://docs.unity3d.com/Packages/com.unity.render-pipelines.universal@7.5/manual/rendering-in-universalrp.html},
 urldate = {2021-02-04}
}


@article{Whitted.1980,
 author = {Whitted, Turner},
 year = {1980},
 title = {An improved illumination model for shaded display},
 pages = {343--349},
 volume = {23},
 number = {6},
 issn = {0001-0782},
 journal = {Communications of the ACM},
 doi = {10.1145/358876.358882},
 file = {Whitted 1980 - An improved illumination model:C\:\\Users\\W_Core\\Documents\\Citavi 6\\Projects\\ba\\Citavi Attachments\\Whitted 1980 - An improved illumination model.pdf:pdf}
}


@article{Williams.1978,
 author = {Williams, Lance},
 year = {1978},
 title = {Casting curved shadows on curved surfaces},
 pages = {270--274},
 pagination = {page},
 volume = {12},
 number = {3},
 issn = {0097-8930},
 journal = {ACM SIGGRAPH Computer Graphics},
 doi = {10.1145/965139.807402}
}


@book{Wolfe.1998,
 year = {1998},
 title = {Seminal graphics: Pioneering efforts that shaped the field ; [SIGGRAPH 98 ; celebrating 25 years of discovery ; a publication of ACM SIGGRAPH]},
 address = {New York NY},
 publisher = {{ACM Press}},
 isbn = {158113052X},
 editor = {Wolfe, Rosalee},
 doi = {10.1145/280811}
}


